<record><leader>00000cas a22000007a 4500</leader><controlfield tag="001">13913114</controlfield><controlfield tag="008">860722d18831uuutxuzr ne      0    0eng d</controlfield><datafield ind1=" " ind2=" " tag="010"><subfield code="a">sn 86088270 </subfield></datafield><datafield ind1=" " ind2=" " tag="040"><subfield code="a">PPM</subfield><subfield code="b">eng</subfield><subfield code="c">PPM</subfield><subfield code="d">OCL</subfield><subfield code="d">YUS</subfield><subfield code="d">OCLCQ</subfield><subfield code="d">OCLCF</subfield><subfield code="d">OCLCO</subfield><subfield code="d">OCL</subfield></datafield><datafield ind1=" " ind2=" " tag="042"><subfield code="a">msc</subfield></datafield><datafield ind1=" " ind2=" " tag="043"><subfield code="a">n-us-tx</subfield></datafield><datafield ind1="0" ind2=" " tag="130"><subfield code="a">Texian (Austin, Tex. : 1883)</subfield></datafield><datafield ind1="1" ind2="4" tag="245"><subfield code="a">The Texian.</subfield></datafield><datafield ind1=" " ind2=" " tag="260"><subfield code="a">Austin, Tex. :</subfield><subfield code="b">A. Deffenbaugh</subfield></datafield><datafield ind1=" " ind2=" " tag="300"><subfield code="a">v. :</subfield><subfield code="b">ill. (chiefly advertisements) ;</subfield><subfield code="c">51 cm.</subfield></datafield><datafield ind1=" " ind2=" " tag="310"><subfield code="a">Semimonthly, monthly and quarterly</subfield></datafield><datafield ind1=" " ind2=" " tag="500"><subfield code="a">Semi-monthly, monthly, and quarterly eds. numbered consecutively and published at varying intervals.</subfield></datafield><datafield ind1=" " ind2=" " tag="515"><subfield code="a">Vol. 1 continues through no. 18 (Apr. 1884).</subfield></datafield><datafield ind1=" " ind2=" " tag="588"><subfield code="a">Description based on: Vol. 1, no. 2 (Feb. 5, 1883).</subfield></datafield><datafield ind1=" " ind2="0" tag="651"><subfield code="a">Texas</subfield><subfield code="v">Registers.</subfield></datafield><datafield ind1=" " ind2="0" tag="650"><subfield code="a">Almanacs, American.</subfield></datafield><datafield ind1=" " ind2="7" tag="650"><subfield code="a">Almanacs, American.</subfield><subfield code="2">fast</subfield><subfield code="0">(OCoLC)fst00805775</subfield></datafield><datafield ind1=" " ind2="7" tag="651"><subfield code="a">Texas.</subfield><subfield code="2">fast</subfield><subfield code="0">(OCoLC)fst01210336</subfield></datafield><datafield ind1=" " ind2="7" tag="655"><subfield code="a">Registers (Lists)</subfield><subfield code="2">fast</subfield><subfield code="0">(OCoLC)fst01919964</subfield></datafield><datafield ind1=" " ind2=" " tag="752"><subfield code="a">United States</subfield><subfield code="b">Texas</subfield><subfield code="c">Travis</subfield><subfield code="d">Austin.</subfield></datafield></record>